@inproceedings{key:wikifier,
 author = {Milne, David and Witten, Ian H.},
 title = {Learning to link with wikipedia},
 booktitle = {Proceeding of the 17th ACM conference on Information and knowledge management},
 series = {CIKM '08},
 year = {2008},
 isbn = {978-1-59593-991-3},
 location = {Napa Valley, California, USA},
 pages = {509--518},
 numpages = {10},
 url = {http://doi.acm.org/10.1145/1458082.1458150},
 doi = {http://doi.acm.org/10.1145/1458082.1458150},
 acmid = {1458150},
 publisher = {ACM},
 keywords = {data mining, semantic annotation, wikipedia, word sense disambiguation},
} 

